@inproceedings{zaharia2012resilient,
  title={Resilient distributed datasets: A fault-tolerant abstraction for in-memory cluster computing},
  author={Zaharia, Matei and Chowdhury, Mosharaf and Das, Tathagata and Dave, Ankur and Ma, Justin and McCauley, Murphy and Franklin, Michael J and Shenker, Scott and Stoica, Ion},
  booktitle={Proceedings of the 9th USENIX conference on Networked Systems Design and Implementation},
  pages={2--2},
  year={2012},
  organization={USENIX Association}
}

@article{jahani2011automatic,
  title={Automatic optimization for MapReduce programs},
  author={Jahani, Eaman and Cafarella, Michael J and R{\'e}, Christopher},
  journal={Proceedings of the VLDB Endowment},
  volume={4},
  number={6},
  pages={385--396},
  year={2011},
  publisher={VLDB Endowment}
}

@inproceedings{engle2012shark,
  title={Shark: fast data analysis using coarse-grained distributed memory},
  author={Engle, Cliff and Lupher, Antonio and Xin, Reynold and Zaharia, Matei and Franklin, Michael J and Shenker, Scott and Stoica, Ion},
  booktitle={Proceedings of the 2012 ACM SIGMOD International Conference on Management of Data},
  pages={689--692},
  year={2012},
  organization={ACM}
}

@inproceedings{agarwal2013blinkdb,
  title={BlinkDB: queries with bounded errors and bounded response times on very large data},
  author={Agarwal, Sameer and Mozafari, Barzan and Panda, Aurojit and Milner, Henry and Madden, Samuel and Stoica, Ion},
  booktitle={Proceedings of the 8th ACM European Conference on Computer Systems},
  pages={29--42},
  year={2013},
  organization={ACM}
}

@article{isard2007dryad,
  title={Dryad: distributed data-parallel programs from sequential building blocks},
  author={Isard, Michael and Budiu, Mihai and Yu, Yuan and Birrell, Andrew and Fetterly, Dennis},
  journal={ACM SIGOPS Operating Systems Review},
  volume={41},
  number={3},
  pages={59--72},
  year={2007},
  publisher={ACM}
}

@article{dean2008mapreduce,
  title={MapReduce: simplified data processing on large clusters},
  author={Dean, Jeffrey and Ghemawat, Sanjay},
  journal={Communications of the ACM},
  volume={51},
  number={1},
  pages={107--113},
  year={2008},
  publisher={ACM}
}

@article{leskovec,
  title={The dynamics of viral marketing},
  author={Leskovec, Jure and Adamic, Lada A and Huberman, Bernardo A},
  journal={ACM Transactions on the Web (TWEB)},
  volume={1},
  number={1},
  pages={5--5},
  year={2007},
  publisher={ACM}
}

@inproceedings{badam2011ssdalloc,
  title={SSDAlloc: hybrid SSD/RAM memory management made easy},
  author={Badam, Anirudh and Pai, Vivek S},
  booktitle={Proceedings of the 8th USENIX conference on Networked systems design and implementation},
  pages={16--16},
  year={2011},
  organization={USENIX Association}
}

@inproceedings{yang2006cramm,
  title={CRAMM: Virtual memory support for garbage-collected applications},
  author={Yang, Ting and Berger, Emery D and Kaplan, Scott F and Moss, J Eliot B},
  booktitle={Proceedings of the 7th symposium on Operating systems design and implementation},
  pages={103--116},
  year={2006},
  organization={USENIX Association}
}

@article{wikimedia, 
  URL={http://dumps.wikimedia.org/}
}

@article{openjdk, 
  URL={http://openjdk.java.net/}
}

